@article{lawler1973,
  title={{Cutsets and Partitions of Hypergraphs}},
  author={Lawler, Eugene L},
  journal={Networks},
  volume={3},
  number={3},
  pages={275--285},
  year={1973},
  publisher={Wiley Online Library}
}

@inproceedings{heuer2017improving,
  title={{Improving Coarsening Schemes for Hypergraph Partitioning by Exploiting Community Structure}},
  author={Heuer, Tobias and Schlag, Sebastian},
  booktitle =	{Proceedings of 16th International Symposium on Experimental Algorithms},
  volume={75},
  year={2017}
}

@article{pistorius2003,
  title={{An Improved Direct Labeling Method for the Max--Flow Min--Cut Computation in Large Hypergraphs and Applications}},
  author={Pistorius, Joachim and Minoux, Michel},
  journal={International Transactions in Operational Research},
  volume={10},
  number={1},
  pages={1--11},
  year={2003},
  publisher={Wiley Online Library}
}

@inproceedings{dutt1997vlsi,
  title={{VLSI Circuit Partitioning by Cluster-Removal using Iterative Improvement Techniques}},
  author={Dutt, Shantanu and Deng, Wenyong},
  booktitle={Proceedings of the 1996 IEEE/ACM International Conference on Computer-Aided Design},
  year = {1996},
  isbn = {0-8186-7597-7},
  location = {San Jose, California, USA},
  pages = {194--200},
  numpages = {7},
  acmid = {244555}}
}

@article{zhao2002effective,
  title={{An Effective Algorithm for Multiway Hypergraph Partitioning}},
  author={Zhao, Zhizi and Tao, Lixin and Zhao, Yongchang},
  journal={IEEE Transactions on Circuits and Systems I: Fundamental Theory and Applications},
  volume={49},
  number={8},
  pages={1079--1092},
  year={2002},
  publisher={IEEE}
}

@article{fortunato2010community,
  title={{Community Detection in Graphs}},
  author={Fortunato, Santo},
  journal={Physics Reports},
  volume={486},
  number={3},
  pages={75--174},
  year={2010},
  publisher={Elsevier}
}

@article{kahn1962topological,
  title={{Topological Sorting of Large Networks}},
  author={Kahn, Arthur B},
  journal={Communications of the ACM},
  volume={5},
  number={11},
  pages={558--562},
  year={1962},
  publisher={ACM}
}

@article{tarjan1972depth,
  title={{Depth-First Search and Linear Graph Algorithms}},
  author={Tarjan, Robert},
  journal={SIAM Journal on Computing},
  volume={1},
  number={2},
  pages={146--160},
  year={1972},
  publisher={SIAM}
}

@book{west2001introduction,
  title={{Introduction to Graph Theory}},
  author={West, Douglas Brent and others},
  volume={2},
  year={2001}
}

@article{krishnamurthy1984improved,
  title={{An Improved Min-Cut Algorithm for Partitioning VLSI Networks}},
  author={Krishnamurthy, Balakrishnan},
  journal={IEEE Transactions on Computers},
  number={5},
  pages={438--446},
  year={1984},
  publisher={IEEE}
}

@incollection{HuMoerder85,
  author      = {Hu, T. C. and Moerder, K.},
  title       = {{Multiterminal Flows in a Hypergraph}},
  editor      = {Hu, T.C. and Kuh, E.S.},
  booktitle   = {{VLSI Circuit Layout: Theory and Design}},
  publisher   = "IEEE Press",
  year        = 1985,
  pages       = {87--93},
  chapter     = 3,
}

@article{newman2004analysis,
  title={{Analysis of Weighted Networks}},
  author={Newman, Mark EJ},
  journal={Physical Rev. E.},
  volume = {70},
  issue = {5},
  pages = {056131},
  numpages = {9},
  year = {2004},
  month = {Nov},
  publisher = {American Physical Society},
}

@techreport{harris1955,
  title={{Fundamentals of a Method for Evaluating Rail Net Capacities}},
  author={Harris, TE and Ross, FS},
  year={1955},
  institution={RAND CORP SANTA MONICA CA}
}

@article{menger1927allgemeinen,
  title={{Zur Allgemeinen Kurventheorie}},
  author={Menger, Karl},
  journal={Fundamenta Mathematicae},
  volume={10},
  number={1},
  pages={96--115},
  year={1927},
  publisher={Institute of Mathematics Polish Academy of Sciences}
}

@inproceedings{sleator1981data,
  title={{A Data Structure for Dynamic Trees}},
  author={Sleator, Daniel D and Tarjan, Robert Endre},
  booktitle={Proceedings of the 13th Annual ACM Symposium on Theory of Computing},
  pages={114--122},
  year={1981},
  organization={ACM}
}

@article{alpert1995recent,
  title={{Recent Directions in Netlist Partitioning: a Survey}},
  author={Alpert, Charles J and Kahng, Andrew B},
  journal={Integration, the VLSI Journal},
  volume = "19",
  number = "1",
  pages = "1 - 81",
  year = "1995",
  issn = "0167-9260",
  publisher={Elsevier}
}

@book{bader2013graph,
  title={{Graph Partitioning and Graph Clustering}},
  author={Bader, David A and Meyerhenke, Henning and Sanders, Peter and Wagner, Dorothea},
  volume={588},
  booktitle={10th Dimacs Implementation Challenge Workshop},
  year={2012}
}

@misc{papa2007hypergraph,
  title={{Hypergraph Partitioning and Clustering}},
  author={Papa, David A and Markov, Igor L},
  year={2007}
}

@article{goldberg1988new,
  title={{A new Approach to the Maximum-Flow Problem}},
  author={Goldberg, Andrew V and Tarjan, Robert E},
  journal={Journal of the ACM},
  volume={35},
  number={4},
  pages={921--940},
  year={1988},
  publisher={ACM}
}

@article{cherkassky1994fast,
  title={{A Fast Algorithm for Computing Maximum Flow in a Network}},
  author={Cherkassky, Boris V},
  journal={Collected Papers},
  volume={3},
  pages={90--96},
  year={1994}
}

@article{derigs1989implementing,
  title={{Implementing Goldberg's Max-Flow-Algorithm â€” A Computational Investigation}},
  author={Derigs, Ulrich and Meier, Wolfgang},
  journal={Mathematical Methods of Operations Research},
  volume={33},
  number={6},
  pages={383--403},
  year={1989},
  publisher={Springer}
}

@article{cherkassky1997implementing,
  title={{On Implementing the Push-Relabel Method for the Maximum Flow Problem}},
  author={Cherkassky, Boris V and Goldberg, Andrew V},
  journal={Algorithmica},
  volume={19},
  number={4},
  pages={390--410},
  year={1997},
  publisher={Springer}
}

@article{edmonds1972theoretical,
  title={{Theoretical Improvements in Algorithmic Efficiency for Network Flow Problems}},
  author={Edmonds, Jack and Karp, Richard M},
  journal={Journal of the ACM},
  volume={19},
  number={2},
  pages={248--264},
  year={1972},
  publisher={ACM}
}

@inproceedings{alpert1998ispd98,
  title={{The ISPD98 Circuit Benchmark Suite}},
  author={Alpert, Charles J.},
  booktitle={Proceedings of the 1998 International Symposium on Physical Design},
  pages={80--85},
  year={1998},
  organization={ACM}
}

@article{liu1998network,
  title={{Network Flow Based Multi-way Partitioning with Area and Pin Constraints}},
  author={Liu, Huiqun and Wong, DF},
  journal={IEEE Transactions on Computer-Aided Design of Integrated Circuits and Systems},
  volume={17},
  number={1},
  pages={50--59},
  year={1998},
  publisher={IEEE}
}

@article{goldberg2011maximum,
  title={{Maximum Flows by Incremental Breadth-First Search}},
  author={Goldberg, Andrew and Hed, Sagi and Kaplan, Haim and Tarjan, Robert and Werneck, Renato},
  journal={Proceedings of 2011 European Symposium on Algorithms},
  pages={457--468},
  year={2011}
}

@incollection{goldberg2015faster,
  title={{Faster and more Dynamic Maximum Flow by Incremental Breadth-First Search}},
  author={Goldberg, Andrew V and Hed, Sagi and Kaplan, Haim and Kohli, Pushmeet and Tarjan, Robert E and Werneck, Renato F},
  journal={Proceedings of 2015 European Symposium on Algorithms},
  pages={619--630},
  year={2015}
}

@article{ihler1993modeling,
  title={{Modeling Hypergraphs by Graphs with the same Mincut Properties}},
  author={Ihler, Edmund and Wagner, Dorothea and Wagner, Frank},
  journal={Information Processing Letters},
  volume = "45",
  number = "4",
  pages = "171 - 175",
  year = "1993",
  issn = "0020-0190"
}

@article{boykov2004experimental,
  title={{An Experimental Comparison of Min-Cut/Max-Flow Algorithms for Energy Minimization in Vision}},
  author={Boykov, Yuri and Kolmogorov, Vladimir},
  journal={IEEE Transactions on Pattern Analysis and Machine Intelligence},
  volume={26},
  number={9},
  pages={1124--1137},
  year={2004},
  publisher={IEEE}
}

@article{patkar2004efficient,
  title={{Efficient Network Flow Based Ratio-Cut Netlist Hypergraph Partitioning}},
  author={Patkar, Sachin B and Sharma, Himanshu and Narayanan, H},
  journal={WSEAS Transactions on Circuits and Systems},
  volume={3},
  number={1},
  pages={47--53},
  year={2004}
}

@article{yang1996balanced,
  title={{Efficient Network Flow Based Min-Cut Balanced Partitioning}},
  author={Yang, Hannah Honghua and Wong, DF},
  journal={IEEE Transactions on Computer-Aided Design of Integrated Circuits and Systems},
  volume={15},
  number={12},
  pages={1533--1540},
  year={1996},
  publisher={IEEE}
}

@article{davis2011university,
  title={{The University of Florida Sparse Matrix Collection}},
  author={Davis, Timothy A and Hu, Yifan},
  journal={ACM Transactions on Mathematical Software},
  volume={38},
  number={1},
  pages={1},
  year={2011},
  publisher={ACM}
}

@article{belov2014application,
  title={{The Application and the Hard Combinatorial Benchmarks in Sat Competition 2014}},
  author={Belov, Anton and Heule, MJ and Diepold, Daniel and J{\"a}rvisalo, Matti},
  journal={Proceedings of SAT Competition},
  pages={81--82},
  year={2014}
}

@inproceedings{viswanathan2012dac,
  title={{The DAC 2012 Routability-Driven Placement Contest and Benchmark Suite}},
  author={Viswanathan, Natarajan and Alpert, Charles and Sze, Cliff and Li, Zhuo and Wei, Yaoguang},
  booktitle={Proceedings of the 49th Annual Design Automation Conference},
  pages={774--782},
  year={2012},
  organization={ACM}
}

@article{bui1992finding,
  title={{Finding Good Approximate Vertex and Edge Partitions is NP-Hard}},
  author={Bui, Thang Nguyen and Jones, Curt},
  journal={Information Processing Letters},
  volume={42},
  number={3},
  pages={153--159},
  year={1992},
  publisher={Elsevier}
}

@book{lengauer2012combinatorial,
  title={{Combinatorial Algorithms for Integrated Circuit Layout}},
  author={Lengauer, Thomas},
  year={2012},
  publisher={Springer Science \& Business Media}
}

@incollection{bulucc2016recent,
  title={{Recent Advances in Graph Partitioning}},
  author={Bulu{\c{c}}, Ayd{\i}n and Meyerhenke, Henning and Safro, Ilya and Sanders, Peter and Schulz, Christian},
  booktitle="Algorithm Engineering: Selected Results and Surveys",
  pages={117--158},
  year={2016},
  publisher={Springer}
}

@article{mann2014formula,
  title={{Formula Partitioning Revisited}},
  author={Mann, Zolt{\'a}n {\'A}d{\'a}m and Papp, P{\'a}l Andr{\'a}s},
  year={2014}
}

@inproceedings{akhremtsev2017engineering,
  title={{Engineering a direct k-way Hypergraph Partitioning Algorithm}},
  author={Akhremtsev, Yaroslav and Heuer, Tobias and Sanders, Peter and Schlag, Sebastian},
  booktitle={Proceedings of 2017 19th Workshop on Algorithm Engineering and Experiments},
  pages={28--42},
  year={2017},
  organization={SIAM}
}

@article{karypis1999multilevel,
  title={{Multilevel Hypergraph Partitioning: Applications in VLSI Domain}},
  author={Karypis, George and Aggarwal, Rajat and Kumar, Vipin and Shekhar, Shashi},
  journal={IEEE Transactions on Very Large Scale Integration VLSI Systems},
  volume={7},
  number={1},
  pages={69--79},
  year={1999},
  publisher={IEEE}
}

@article{karypis2000multilevel,
  title={{Multilevel k-way Hypergraph Partitioning}},
  author={Karypis, George and Kumar, Vipin},
  journal={VLSI Design},
  volume={11},
  number={3},
  pages={285--300},
  year={2000},
  publisher={Hindawi Publishing Corporation}
}

@article{catalyurek1999hypergraph,
  title={{Hypergraph-Partitioning-based Decomposition for Parallel Sparse-Matrix Vector Multiplication}},
  author={Catalyurek, Umit V and Aykanat, Cevdet},
  journal={IEEE Transactions on Parallel and Distributed Systems},
  volume={10},
  number={7},
  pages={673--693},
  year={1999},
  publisher={IEEE}
}


@inproceedings{osipov2010n,
  title={{n-Level Graph Partitioning}},
  author={Osipov, Vitaly and Sanders, Peter},
  booktitle={Proceedings of 2010 European Symposium on Algorithms},
  pages={278--289},
  year={2010},
  organization={Springer}
}

@mastersthesis{heuer2015engineering,
  document_type={Bachelor's Thesis},
  title={{Engineering Initial Partitioning Algorithms for direct k-way Hypergraph Partitioning}},
  author={Heuer, Tobias},
  type={Bachelor Thesis},
  year={2015},
  school={Karlsruher Institute of Technology}
}

@inproceedings{schlag2016k,
  title={{k-way Hypergraph Partitioning via n-Level Recursive Bisection}},
  author={Schlag, Sebastian and Henne, Vitali and Heuer, Tobias and Meyerhenke, Henning and Sanders, Peter and Schulz, Christian},
  booktitle={Proceedings of 2016 18th Workshop on Algorithm Engineering and Experiments},
  pages={53--67},
  year={2016},
  organization={SIAM}
}

@article{sanchis1989multiple,
  title={{Multiple-Way Network Partitioning}},
  author={Sanchis, Laura A},
  journal={IEEE Transactions on Computers},
  volume={38},
  number={1},
  pages={62--81},
  year={1989},
  publisher={IEEE}
}

@article{ford1956maximal,
  title={{Maximal Flow through a Network}},
  author={Ford, Lester R and Fulkerson, Delbert R},
  journal={Canadian Journal of Mathematics},
  volume={8},
  number={3},
  pages={399--404},
  year={1956}
}

@book{ford2015flows,
  title={{Flows in Networks}},
  author={Ford Jr, Lester Randolph and Fulkerson, Delbert Ray},
  year={2015},
  publisher={Princeton University Press}
}

@inproceedings{lang2004flow,
  title={{A Flow-Based Method for Improving the Expansion or Conductance of Graph Cuts}},
  author={Lang, Kevin and Rao, Satish},
  booktitle={Proceedings of 10th International IPCO Conference},
  volume={4},
  pages={325--337},
  year={2004},
  organization={Springer}
}

@inproceedings{andersen2008algorithm,
  title={{An Algorithm for Improving Graph Partitions}},
  author={Andersen, Reid and Lang, Kevin J},
  booktitle={Proceedings of the 19th annual ACM-SIAM Symposium on Discrete Algorithms},
  pages={651--660},
  year={2008},
  organization={Society for Industrial and Applied Mathematics}
}

@inproceedings{sanders2011engineering,
  title={{Engineering Multilevel Graph Partitioning Algorithms}},
  author={Sanders, Peter and Schulz, Christian},
  booktitle={Proceedings of 2011 European Symposium on Algorithms},
  volume={6942},
  pages={469--480},
  year={2011},
  organization={Springer}
}

@article{picard1980structure,
  title={{On the Structure of all Minimum Cuts in a Network and Applications}},
  author={Picard, Jean-Claude and Queyranne, Maurice},
  journal={Combinatorial Optimization II},
  pages={8--16},
  year={1980},
  publisher={Springer}
}

@inproceedings{holtgrewe2010engineering,
  title={{Engineering a scalable High Quality Graph Partitioner}},
  author={Holtgrewe, Manuel and Sanders, Peter and Schulz, Christian},
  booktitle={Proceedings of 2010 IEEE International Symposium on Parallel and Distributed Processing},
  pages={1--12},
  year={2010},
  organization={IEEE}
}

@inproceedings{fiduccia1988linear,
  title={{A Linear-Time Heuristic for improving Network Partitions}},
  author={Fiduccia, Charles M and Mattheyses, Robert M},
  booktitle = {Papers on 25 Years of Electronic Design Automation},
  year = {1988},
  isbn = {0-89791-267-5},
  pages = {241--247},
  numpages = {7},
  organization={ACM}
}